<record><leader>00000cas a22000007a 4500</leader><controlfield tag="001">25968958</controlfield><controlfield tag="008">920608d19131914riuwr ne      0    0eng d</controlfield><datafield ind1=" " ind2=" " tag="010"><subfield code="a">sn 92064089 </subfield></datafield><datafield ind1=" " ind2=" " tag="040"><subfield code="a">RHN</subfield><subfield code="b">eng</subfield><subfield code="c">RHN</subfield><subfield code="d">OCL</subfield><subfield code="d">OCLCQ</subfield></datafield><datafield ind1=" " ind2=" " tag="042"><subfield code="a">msc</subfield></datafield><datafield ind1="0" ind2=" " tag="130"><subfield code="a">Kent County news (East Greenwich, R.I.)</subfield></datafield><datafield ind1="1" ind2="4" tag="245"><subfield code="a">The Kent County news.</subfield></datafield><datafield ind1=" " ind2=" " tag="260"><subfield code="a">East Greenwich, R.I. :</subfield><subfield code="b">James S. Hammond</subfield></datafield><datafield ind1=" " ind2=" " tag="300"><subfield code="a">v.</subfield></datafield><datafield ind1=" " ind2=" " tag="310"><subfield code="a">Weekly</subfield></datafield><datafield ind1="0" ind2=" " tag="362"><subfield code="a">Vol. 1, no. 1 (Oct. 17, 1913)-v. 2, no. 5 (Nov. 13, 1914).</subfield></datafield><datafield ind1=" " ind2="4" tag="651"><subfield code="a">East Greenwich (R.I. : Town)</subfield><subfield code="v">Newspapers.</subfield></datafield><datafield ind1=" " ind2=" " tag="752"><subfield code="a">United States</subfield><subfield code="b">Rhode Island</subfield><subfield code="c">Kent</subfield><subfield code="d">East Greenwich.</subfield></datafield><datafield ind1="0" ind2="4" tag="785"><subfield code="t">Rhode Island pendulum</subfield><subfield code="w">(DLC)sn 83021116</subfield></datafield><datafield ind1="1" ind2=" " tag="029"><subfield code="a">AU@</subfield><subfield code="b">000020711496</subfield></datafield></record>